%[S.l.] 表示“出版地不详”， [s.n.] 表示“出版者不详”

@book{landau2011survey,
  title={A Survey of Computational Physics: Introductory Computational Science},
  author={Landau, R.H. and P{\'a}ez, J. and Bordeianu, C.C.},
  isbn={9781400841189},
  url={},
  year={2011},
  publisher={Princeton University Press},
  address={Princeton, NJ, USA}
}

@article{wang1995mcml,
  title={MCML—Monte Carlo modeling of light transport in multi-layered tissues},
  author={Wang, Lihong and Jacques, Steven L and Zheng, Liqiong},
  journal={Computer methods and programs in biomedicine},
  volume={47},
  number={2},
  pages={131--146},
  year={1995},
  publisher={Elsevier}
}

@book{nuclear,
  title={核能物理与技术概论},
  author={邱励俭},
  isbn={9787312027543},
  series={中国科学技术大学精品教材},
  url={},
  year={2012},
  publisher={中国科学技术大学出版社},
  address={合肥}
}

